2273 2966
126 200 215 263 tingere
230 193 297 256 soler,
317 192 379 269 idern
395 195 482 271 ἰιιιιιιΙ
468 212 500 246 us
512 195 573 263 (sci.
590 200 610 247 dr
623 197 671 263 piis
688 200 718 247 ιι
714 197 820 262 impiis)
836 200 975 264 contingere
984 207 1069 274 potede

112 278 226 332 ⁴maxime
239 280 288 332 hoc
303 264 421 347 omnibns
424 282 543 358 contingit,
558 294 584 331 ur
602 296 678 351 omnes
693 281 774 330 eodem
787 280 859 330 modo
871 284 963 331 naturali
974 285 1072 335 morian·
1095 309 1097 314 r

128 381 180 424 tur,
198 381 275 426 omnes
290 360 387 435 quidem
404 382 451 415 uno
467 353 582 438 spiritur
568 363 582 414 s
584 382 611 414 ve
627 367 695 415 anima
705 364 811 438 gaudent,
824 358 866 414 nec
878 368 928 430 pius
941 382 986 446 pre
998 368 1070 432 impio

130 451 203 502 habet
210 453 387 525 pro-rogativam
403 448 504 516 (nempe
519 451 596 515 quoad
612 446 718 513 externa)
737 465 786 496 nam
803 465 880 497 omnes
900 449 929 513 (s
931 466 958 498 ve
973 450 1014 498 fint
1028 453 1069 515 pii,

91 522 92 525 Ἴ
131 519 177 584 sive
192 534 207 582 s
209 548 233 582 nt
248 533 331 598 impii)
347 548 421 583 morte
437 535 550 584 intereunt
569 533 690 597 (adeoque
704 531 751 585 haec
767 533 840 603 omnia
856 530 870 580 s
872 532 918 582 ntul
934 533 1072 608 intereunt).

122 617 178 688 Ιδθιι
194 613 245 681 quis
259 619 368 666 internam
382 619 480 668 hominis
495 631 586 682 partem,
598 618 689 665 animam
700 631 786 681 nempe,
798 617 828 664 ita
839 604 967 681 conspicere
977 629 1069 691 poterat,

130 716 158 752 ut
169 700 218 750 hec
228 714 318 753 externa
327 702 456 750 hominibus
467 702 530 750 hoc
524 701 640 749 inmundo
652 700 817 771 contingentia?
833 698 898 747 status
910 700 960 762 post
971 713 1068 772 mortem

132 800 214 833 eorum
231 787 327 837 maxime
344 784 420 834 differt
436 785 516 834 asiatu
530 785 596 833 huius
611 784 676 830 vite:
688 783 737 846 post
752 795 846 830 mortem
859 783 917 829 enim
931 785 1007 830 anime
1017 785 1068 846 pio-

126 883 192 942 rum,
202 866 286 916 summa
297 867 404 917 felicitate
414 883 440 917 ac
451 869 558 934 dignitate
568 865 719 932 perfruuntur,
732 867 784 922 licet
793 864 881 913 fortasse
892 864 953 913 hoc
947 882 969 912 ιιι
981 866 1067 935 mundo

130 950 229 1000 maxime
245 940 353 1008 infelices,
367 952 462 999 &omni
478 951 566 999 honore
581 949 693 997 mundano
706 947 805 996 destituti
820 947 912 996 suerint:
930 950 1000 1003 anima
1011 964 1067 1017 verp

132 1038 264 1100 impiorum,
280 1037 334 1083 licet
347 1035 436 1098 fortasse
452 1036 517 1084 hac
504 1053 533 1100 ιιι
547 1038 593 1084 vita
609 1051 698 1084 omnem
710 1036 849 1099 voluptatem
863 1034 980 1084 sensualem
990 1050 1069 1099 perce-

131 1125 213 1188 perint,
223 1129 244 1171 dt
255 1123 283 1170 ad
295 1111 390 1169 summos
406 1121 505 1171 honores
520 1126 667 1186 pervenerint,
678 1138 723 1170 non
735 1121 772 1170 nifi
783 1122 859 1170 taediis
870 1138 900 1171 ac
910 1123 1003 1172 maxima
1013 1122 1069 1172 infe·

131 1191 218 1254 sicitate
229 1197 357 1254 adficietur.
745 1193 747 1196 V
1057 1188 1059 1193 ι

204 1291 272 1336 Hunc
295 1287 378 1335 sensum
399 1288 442 1335 esse
462 1288 600 1349 verborum,
620 1301 725 1351 practerea
746 1274 775 1338 ex
791 1294 842 1338 toto
859 1303 970 1341 contextu
986 1290 1069 1355 perspi

133 1386 184 1423 cere
195 1373 253 1424 licet.
287 1372 362 1419 Duo
355 1372 455 1434 inprimis
470 1372 609 1419 tradarionis
618 1374 691 1445 capita
704 1373 765 1421 hunc
780 1375 903 1442 Salomonis
917 1374 999 1443 librum
1013 1391 1068 1443 con-

131 1459 206 1511 tinere,
219 1459 241 1529 δι
250 1454 285 1507 alii
296 1452 461 1501 observarunt
454 1467 598 1517 interpretes·
617 1455 688 1502 Priori
704 1471 785 1518 nempe
801 1439 904 1504 membro
920 1457 949 1504 de
967 1459 1068 1530 omniunt

131 1558 206 1591 rerum
217 1539 311 1587 vanitate
321 1538 422 1586 homines
433 1552 507 1588 certos
518 1541 568 1588 vult
582 1541 684 1599 reddere,
699 1546 720 1590 dr
736 1543 811 1619 altero
820 1543 923 1591 homines
939 1543 1005 1591 ad
983 1560 1020 1608 pre
1030 1546 1068 1616 ιι-

131 1627 199 1677 vendi
219 1625 327 1673 rationem
348 1640 493 1673 commovere
514 1639 619 1684 conatur,
642 1629 671 1675 ita
691 1608 776 1686 tamen,
791 1642 818 1676 ut
834 1628 892 1677 hanc
910 1628 969 1677 suam
986 1608 1069 1679 dodri·

133 1728 184 1761 narn
200 1710 228 1757 de
245 1723 318 1756 rerum
335 1709 432 1755 vanitate
449 1709 577 1781 immisceat
612 1714 689 1777 Quum
702 1730 761 1761 nunc
776 1714 864 1777 Salomo
876 1716 950 1778 primo
965 1717 1067 1766 omnium

133 1795 161 1843 de
171 1807 245 1840 rerum
256 1791 351 1838 vanitate
363 1789 457 1847 dixisset,
468 1789 531 1838 fimul
545 1807 577 1850 ea,
593 1808 642 1855 quae
659 1794 839 1863 homines,bona
855 1795 922 1844 huius
935 1780 1013 1844 mundi
1025 1814 1067 1862 pro

131 1878 221 1927 sutitrnis
241 1874 340 1938 inprimis
356 1872 474 1945 habentes,
489 1875 588 1925 obiicere
604 1874 721 1948 ιιοιειιιιι,Ι
732 1890 841 1926 removet.
877 1881 937 1928 Hinc
952 1883 1007 1945 Cap.
1019 1884 1036 1936 Ι.
1046 1864 1068 1940 ιι.

135 1968 230 2026 13-18.
243 1959 351 2014 adfirmat,
365 1974 453 2005 omnent
469 1958 593 2021 sapientiam
609 1962 732 2019 humanam,
746 1961 785 2009 nist
796 1963 869 2011 divina
883 1980 924 2027 per
938 1963 1038 2029 spiritum
1046 1971 1069 2019 S

79 2051 81 2065 “
133 2045 251 2106 efficienda
274 2042 377 2100 accedat,
403 2044 498 2091 multum
520 2047 613 2093 omnino
634 2046 694 2098 redii
715 2045 787 2096 secum
808 2051 951 2098 eoniundum
972 2052 1068 2112 habere,

131 2144 180 2195 quo
197 2127 302 2189 adeoque
317 2124 385 2173 effato
400 2127 500 2175 reiicitur
517 2129 579 2186 illud,
590 2131 653 2194 quod
671 2131 740 2179 obiici
754 2132 870 2196 potuisset:
887 2136 1011 2195 Scientiam,
1026 2138 1065 2198 seu

131 2215 287 2278 cognitionem
298 2227 373 2260 rerunt
383 2213 425 2259 esse
437 2213 521 2278 aliquid
534 2217 633 2275 iucundi,
648 2218 712 2282 quod
722 2218 794 2267 homo
807 2235 849 2283 per
859 2222 955 2270 adiones
969 2223 1015 2272 suas
1027 2225 1067 2277 sbi

130 2297 249 2361 acquirere
262 2294 341 2358 posset.
375 2295 462 2344 Deinde
478 2298 530 2361 Cap.
544 2302 569 2357 11,
580 2304 600 2348 dt
616 2300 696 2370 seqq'
690 2303 790 2366 inprimis
802 2303 946 2364 demonstrari
958 2307 1068 2369 videmus,

129 2375 267 2457 homines‚s
261 2378 344 2423 tetiam
354 2390 383 2424 ex
393 2367 508 2439 prudentia
519 2379 556 2428 sua
569 2385 669 2445 pradica,
685 2400 752 2447 quarn
767 2383 805 2432 stbi
822 2377 937 2450 acquirere
949 2403 1067 2450 conentur,

129 2478 209 2514 omnes
223 2461 270 2509 suas
283 2461 378 2508 adiones
393 2459 487 2523 dirigere
501 2464 589 2519 vellent,
603 2478 675 2513 tamen
686 2464 796 2530 saepissime
808 2468 867 2517 falli:
884 2472 971 2534 quod'
964 2475 1065 2537 inprimis

129 2548 185 2610 Cap,
197 2545 235 2601 111,
248 2558 260 2590 a
271 2541 327 2590 vers.
337 2547 375 2600 16,
388 2541 495 2605 usquead
506 2545 573 2592 finem
584 2545 650 2593 huius
658 2550 712 2610 Cap.
723 2565 753 2597 ex
765 2549 811 2597 hoc
821 2549 972 2599 fundamento*
980 2552 1067 2616 probat,

128 2631 182 2695 quia
198 2627 337 2691 experientia
351 2624 400 2675 satis
417 2625 514 2683 testetur,
531 2627 584 2675 loco
598 2628 650 2675 iuris
668 2645 692 2677 ac
705 2630 791 2678 iustitiae
804 2621 909 2681 summam
920 2634 1066 2697 impietatem,

129 2712 237 2763 summam
249 2713 377 2762 iniustitiam
388 2712 443 2763 esse:
462 2729 490 2762 ne
503 2726 576 2767 tamen
590 2712 664 2763 hocce
677 2731 729 2762 cum
741 2715 823 2766 summa
835 2720 880 2766 Dei
891 2717 971 2769 iustitia
982 2735 1066 2785 pugna-

128 2798 275 2858 tevideatur,
288 2797 357 2857 addit,
371 2799 448 2850 Deum
465 2810 529 2850 certo
543 2813 570 2848 ac
579 2795 662 2848 statuto
673 2811 776 2864 tempore
786 2802 806 2847 ιι
815 2800 874 2864 pios,
887 2798 998 2872 &impios
1007 2800 1067 2849 iudi-

998 2883 1066 2921 catu-
